@misc{rank_nullity_theorem,
    author = "{Wikipedia contributors}",
    title = "Rankâ€“nullity theorem --- {Wikipedia}{,} The Free Encyclopedia",
    year = "2024",
    url = "
           https://en.wikipedia.org/w/index.php?title=Rank%E2%80%93nullity_theorem&oldid=1219582126
           ",
    note = "[Online; accessed 16-September-2024]",
}

 @misc{rank,
    author = "{Wikipedia contributors}",
    title = "Rank (linear algebra) --- {Wikipedia}{,} The Free Encyclopedia",
    year = "2024",
    url = "
           https://en.wikipedia.org/w/index.php?title=Rank_(linear_algebra)&oldid=1245285666
           ",
    note = "[Online; accessed 16-September-2024]",
}

@misc{centering_matrix,
    author = "{Wikipedia contributors}",
    title = "Centering matrix --- {Wikipedia}{,} The Free Encyclopedia",
    year = "2024",
    url = "
           https://en.wikipedia.org/w/index.php?title=Centering_matrix&oldid=1242793579
           ",
    note = "[Online; accessed 16-September-2024]",
}

@misc{bias,
    author = "{Wikipedia contributors}",
    title = "Bias (statistics) --- {Wikipedia}{,} The Free Encyclopedia",
    year = "2024",
    url = "
           https://en.wikipedia.org/w/index.php?title=Bias_(statistics)&oldid=1225782713
           ",
    note = "[Online; accessed 18-September-2024]",
}
